@inproceedings{robocupathome,
author = {Wisspeintner, Thomas and Zant, Tijn and Iocchi, Luca and Schiffer, Stefan},
year = {2009},
month = {06},
pages = {390-401},
title = {RoboCup@Home: Results in Benchmarking Domestic Service Robots},
volume = {5949},
doi = {10.1007/978-3-642-11876-0_34}
}

@ARTICLE{closuredetection, 
author={M. {Labbé} and F. {Michaud}}, 
journal={IEEE Transactions on Robotics}, 
title={Appearance-Based Loop Closure Detection for Online Large-Scale and Long-Term Operation}, 
year={2013}, 
volume={29}, 
number={3}, 
pages={734-745}, 
keywords={computer games;control engineering computing;Internet;mobile robots;robot vision;storage management;Need for Speed: Most Wanted;racing video game;virtual images;LTM;long-term memory;WM;working memory;real-time constraints;memory management method;appearance-based localization;online long-term operation;online large-scale operation;appearance-based loop closure detection;Vocabulary;Feature extraction;Robots;Memory management;Real-time systems;Bayesian methods;Visualization;Appearance-based localization and mapping;bag-of-words approach;dynamic Bayes filtering;place recognition}, 
doi={10.1109/TRO.2013.2242375}, 
ISSN={}, 
month={June},}

@article{rtabmap,
author = {Labbé, Mathieu and Michaud, François},
year = {2018},
month = {10},
pages = {},
title = {RTAB-Map as an open-source lidar and visual simultaneous localization and mapping library for large-scale and long-term online operation: LABBÉ and MICHAUD},
volume = {36},
journal = {Journal of Field Robotics},
doi = {10.1002/rob.21831}
}

@inproceedings{rebalancecontrol,
author = {Zhang, Tong and Liu, Chengju and Chen, Qijun},
year = {2017},
month = {09},
pages = {4605-4610},
title = {Rebalance control for humanoid walking based on online foot position compensation},
doi = {10.1109/IROS.2017.8206330}
}